@article{yang2018energy,
  title     = {On energy saving in IEEE 802.11 ax},
  author    = {\textbf{Yang, Hang} and Deng, Der-Jiunn and Chen, Kwang-Cheng},
  journal   = {IEEE Access},
  volume    = {6},
  pages     = {47546--47556},
  year      = {2018},
  publisher = {IEEE}
}

@inproceedings{yang2017performance,
  title        = {Performance analysis of IEEE 802.11 ax UL OFDMA-based random access mechanism},
  author       = {\textbf{Yang, Hang} and Deng, Der-Jiunn and Chen, Kwang-Cheng},
  booktitle    = {GLOBECOM 2017-2017 IEEE Global Communications Conference},
  pages        = {1--6},
  year         = {2017},
  organization = {IEEE}
}